[gd_scene load_steps=4 format=2]

[ext_resource path="res://Scenes/Cactus.tscn" type="PackedScene" id=1]
[ext_resource path="res://Scenes/Grass.tscn" type="PackedScene" id=2]
[ext_resource path="res://Assets/Spritesheet/bush.png" type="Texture" id=3]

[node name="Tiles" type="Node2D"]

[node name="Semak" type="Sprite" parent="."]
position = Vector2( 128, -64 )
texture = ExtResource( 3 )

[node name="Semak1" type="Sprite" parent="."]
position = Vector2( 176, -448 )
texture = ExtResource( 3 )

[node name="Semak2" type="Sprite" parent="."]
position = Vector2( 256, -64 )
texture = ExtResource( 3 )

[node name="Semak3" type="Sprite" parent="."]
position = Vector2( 6912, -320 )
texture = ExtResource( 3 )

[node name="Semak4" type="Sprite" parent="."]
position = Vector2( 7832, -1472 )
texture = ExtResource( 3 )

[node name="Semak5" type="Sprite" parent="."]
position = Vector2( 13888, -704 )
texture = ExtResource( 3 )

[node name="Grass" parent="." instance=ExtResource( 2 )]
position = Vector2( 1115.46, -66.3784 )

[node name="Grass2" parent="." instance=ExtResource( 2 )]
position = Vector2( 1472, -192 )

[node name="Grass3" parent="." instance=ExtResource( 2 )]
position = Vector2( 2752, -320 )

[node name="Grass4" parent="." instance=ExtResource( 2 )]
position = Vector2( 2880, -448 )

[node name="Grass5" parent="." instance=ExtResource( 2 )]
position = Vector2( 3648, -320 )

[node name="Grass6" parent="." instance=ExtResource( 2 )]
position = Vector2( 5984, -440 )

[node name="Grass7" parent="." instance=ExtResource( 2 )]
position = Vector2( 8272, -1728 )

[node name="Grass8" parent="." instance=ExtResource( 2 )]
position = Vector2( 9936, -2624 )

[node name="Grass9" parent="." instance=ExtResource( 2 )]
position = Vector2( 10216, -2880 )

[node name="Grass10" parent="." instance=ExtResource( 2 )]
position = Vector2( 10536, -3136 )

[node name="Grass11" parent="." instance=ExtResource( 2 )]
position = Vector2( 15072, -1088 )

[node name="Grass12" parent="." instance=ExtResource( 2 )]
position = Vector2( 14920, -960 )

[node name="Cactus" parent="." instance=ExtResource( 1 )]
position = Vector2( 1288, -64 )

[node name="Cactus2" parent="." instance=ExtResource( 1 )]
position = Vector2( 1860.76, -64.6489 )

[node name="Cactus3" parent="." instance=ExtResource( 1 )]
position = Vector2( 2224, -192 )

[node name="Cactus4" parent="." instance=ExtResource( 1 )]
position = Vector2( 3760, -448 )

[node name="Cactus5" parent="." instance=ExtResource( 1 )]
position = Vector2( 4264, -448 )

[node name="Cactus6" parent="." instance=ExtResource( 1 )]
position = Vector2( 4840, -832 )

[node name="Cactus7" parent="." instance=ExtResource( 1 )]
position = Vector2( 5568, -448 )

[node name="Cactus8" parent="." instance=ExtResource( 1 )]
position = Vector2( 9048, -2112 )
